<?xml version="1.0" encoding="UTF-8"?><record xmlns="http://www.loc.gov/MARC21/slim" xmlns:cinclude="http://apache.org/cocoon/include/1.0" xmlns:zs="http://www.loc.gov/zing/srw/">
  <leader>01385nz  a2200217n  4500</leader>
  <controlfield tag="001">n 2015185954</controlfield>
  <controlfield tag="003">DLC</controlfield>
  <controlfield tag="005">20150713044103.0</controlfield>
  <controlfield tag="008">150713n| azannaabn          |b ana      </controlfield>
  <datafield tag="010" ind1=" " ind2=" ">
    <subfield code="a">n 2015185954</subfield>
  </datafield>
  <datafield tag="035" ind1=" " ind2=" ">
    <subfield code="a">(DNLM)1280342</subfield>
  </datafield>
  <datafield tag="040" ind1=" " ind2=" ">
    <subfield code="a">DNLM</subfield>
    <subfield code="b">eng</subfield>
    <subfield code="e">rda</subfield>
    <subfield code="c">DNLM</subfield>
  </datafield>
  <datafield tag="111" ind1="2" ind2=" ">
    <subfield code="a">Zʹïzd oftalʹmolohiv Ukraïny</subfield>
  </datafield>
  <datafield tag="368" ind1=" " ind2=" ">
    <subfield code="a">Congress</subfield>
  </datafield>
  <datafield tag="411" ind1="2" ind2=" ">
    <subfield code="a">З'їзд офтальмологів України</subfield>
  </datafield>
  <datafield tag="411" ind1="2" ind2=" ">
    <subfield code="a">Sʺezd oftalʹmologov Ukrainy</subfield>
  </datafield>
  <datafield tag="411" ind1="2" ind2=" ">
    <subfield code="a">Съезд офтальмологов Украины</subfield>
  </datafield>
  <datafield tag="411" ind1="2" ind2=" ">
    <subfield code="a">Ukrainian Congress of Ophthalmologists</subfield>
  </datafield>
  <datafield tag="667" ind1=" " ind2=" ">
    <subfield code="a">Non-Latin script reference not evaluated.</subfield>
  </datafield>
  <datafield tag="667" ind1=" " ind2=" ">
    <subfield code="a">See also related access points for individual instances of this conference which include specific information about the number, date, or place of the individual conference.</subfield>
  </datafield>
  <datafield tag="670" ind1=" " ind2=" ">
    <subfield code="a">Materialy XIII Z'ïzdu oftalʹmolohiv Ukraïny, 2014:</subfield>
    <subfield code="b">t.p. (XІІІ З'їзду офтальмологів України, 21-23 травня 2014 року, Одеса, Україна = XIII Z'ïzdu oftalʹmolohiv Ukraïny, 21-23 travni︠a︡ 2014 roku, Odesa, Ukraïna; XІІІ Съезда офтальмологов Украины : 21-23 мая 2014 года, Одесса, Украина = XIII Sʺezda oftalʹmologov Ukrainy : 21-23 mai︠a︡ 2014 goda, Odessa, Ukraina; XIII Ukrainian Congress of Ophthalmologists : 21-23 May 2014, Odessa, Ukraine)</subfield>
  </datafield>
</record>